<?xml version="1.0" encoding="UTF-8"?><record xmlns="http://www.loc.gov/MARC21/slim" xmlns:cinclude="http://apache.org/cocoon/include/1.0" xmlns:zs="http://www.loc.gov/zing/srw/">
  <leader>00492nz  a2200157n  4500</leader>
  <controlfield tag="001">no2008133350</controlfield>
  <controlfield tag="003">DLC</controlfield>
  <controlfield tag="005">20080913081040.0</controlfield>
  <controlfield tag="008">080911n| acannaabn          |n aaa     c</controlfield>
  <datafield tag="010" ind1=" " ind2=" ">
    <subfield code="a">no2008133350</subfield>
  </datafield>
  <datafield tag="035" ind1=" " ind2=" ">
    <subfield code="a">(OCoLC)oca07876318</subfield>
  </datafield>
  <datafield tag="040" ind1=" " ind2=" ">
    <subfield code="a">IEN</subfield>
    <subfield code="b">eng</subfield>
    <subfield code="c">IEN</subfield>
  </datafield>
  <datafield tag="100" ind1="1" ind2=" ">
    <subfield code="a">Hacker, Helmuth,</subfield>
    <subfield code="d">1900-</subfield>
  </datafield>
  <datafield tag="670" ind1=" " ind2=" ">
    <subfield code="a">Stadt und studio, 1933:</subfield>
    <subfield code="b">t.p. (Dr. Helmuth Hacker)</subfield>
  </datafield>
  <datafield tag="670" ind1=" " ind2=" ">
    <subfield code="a">OCLC, Sept. 11, 2008</subfield>
    <subfield code="b">(hdgs.: Hacker, Helmuth, 1900- ; Hacker, Helmuth)</subfield>
  </datafield>
  <datafield tag="675" ind1=" " ind2=" ">
    <subfield code="a">World Biographical Information System</subfield>
  </datafield>
</record>